@article{Grace2016,
abstract = {Nature 529, 390 (2016). doi:10.1038/nature16524},
archivePrefix = {arXiv},
arxivId = {NIHMS150003},
author = {Grace, James B. and Anderson, T. Michael and Seabloom, Eric W. and Borer, Elizabeth T. and Adler, Peter B. and Harpole, W. Stanley and Hautier, Yann and Hillebrand, Helmut and Lind, Eric M. and P{\"{a}}rtel, Meelis and Bakker, Jonathan D. and Buckley, Yvonne M. and Crawley, Michael J. and Damschen, Ellen I. and Davies, Kendi F. and Fay, Philip A. and Firn, Jennifer and Gruner, Daniel S. and Hector, Andy and Knops, Johannes M. H. and MacDougall, Andrew S. and Melbourne, Brett A. and Morgan, John W. and Orrock, John L. and Prober, Suzanne M. and Smith, Melinda D.},
doi = {10.1038/nature16524},
eprint = {NIHMS150003},
file = {:C$\backslash$:/Users/OSCAR Chang/AppData/Local/Mendeley Ltd./Mendeley Desktop/Downloaded/Grace et al. - 2016 - Integrative modelling reveals mechanisms linking productivity and plant species richness.pdf:pdf},
isbn = {9781137332875},
issn = {0028-0836},
journal = {Nature},
number = {7586},
pages = {390--393},
pmid = {21112818},
publisher = {Nature Publishing Group},
title = {{Integrative modelling reveals mechanisms linking productivity and plant species richness}},
url = {http://www.nature.com/doifinder/10.1038/nature16524},
volume = {529},
year = {2016}
}
